<record><leader>00000cas a22000007a 4500</leader><controlfield tag="001">11154048</controlfield><controlfield tag="008">840914d19091919nyuwr ne      0    0eng d</controlfield><datafield ind1=" " ind2=" " tag="010"><subfield code="a">sn 84035813 </subfield></datafield><datafield ind1=" " ind2=" " tag="040"><subfield code="a">ZQP</subfield><subfield code="b">eng</subfield><subfield code="c">ZQP</subfield><subfield code="d">NYG</subfield><subfield code="d">NYS</subfield><subfield code="d">OCLCQ</subfield><subfield code="d">OCLCF</subfield><subfield code="d">OCLCO</subfield></datafield><datafield ind1="1" ind2=" " tag="029"><subfield code="a">AU@</subfield><subfield code="b">000020652438</subfield></datafield><datafield ind1=" " ind2=" " tag="042"><subfield code="a">msc</subfield></datafield><datafield ind1=" " ind2=" " tag="043"><subfield code="a">n-us-ny</subfield></datafield><datafield ind1="0" ind2=" " tag="130"><subfield code="a">Owl (Rockville Centre, N.Y.)</subfield></datafield><datafield ind1="1" ind2="4" tag="245"><subfield code="a">The owl.</subfield></datafield><datafield ind1=" " ind2=" " tag="260"><subfield code="a">Rockville Centre, N.Y. :</subfield><subfield code="b">Acorn Pub. Co.,</subfield><subfield code="c">-1919.</subfield></datafield><datafield ind1=" " ind2=" " tag="300"><subfield code="a">v. :</subfield><subfield code="b">ill. ;</subfield><subfield code="c">54 cm.</subfield></datafield><datafield ind1=" " ind2=" " tag="310"><subfield code="a">Weekly,</subfield><subfield code="b">Mar. 20, 1912-Sept. 19, 1919</subfield></datafield><datafield ind1=" " ind2=" " tag="321"><subfield code="a">Monthly,</subfield><subfield code="b">1909-Mar. 1912</subfield></datafield><datafield ind1="1" ind2=" " tag="362"><subfield code="a">Began in 1909?</subfield><subfield code="z">Cf. Gregory. W. Amer. newspapers, 1937.</subfield></datafield><datafield ind1="0" ind2=" " tag="362"><subfield code="a">-v. 11, no. 38 (Sept. 19, 1919).</subfield></datafield><datafield ind1=" " ind2=" " tag="500"><subfield code="a">Publishers: Acorn Pub. Co. Inc., &lt;1912&gt;-1913; and South Side News, Co., 1913-1919.</subfield></datafield><datafield ind1=" " ind2=" " tag="500"><subfield code="a">Republican &lt;1912&gt;, 1917-1919.</subfield></datafield><datafield ind1=" " ind2=" " tag="500"><subfield code="a">Progressive, 1912-1917.</subfield></datafield><datafield ind1=" " ind2=" " tag="500"><subfield code="a">"Official paper of Rockville Centre."</subfield></datafield><datafield ind1=" " ind2=" " tag="500"><subfield code="a">"Official paper of East Rockaway."</subfield></datafield><datafield ind1=" " ind2=" " tag="588"><subfield code="a">Description based on: Vol. [4], no. [12], (Mar. 30, 1912).</subfield></datafield><datafield ind1=" " ind2="0" tag="651"><subfield code="a">Rockville Centre (N.Y.)</subfield><subfield code="v">Newspapers.</subfield></datafield><datafield ind1=" " ind2="0" tag="651"><subfield code="a">East Rockaway (N.Y.)</subfield><subfield code="v">Newspapers.</subfield></datafield><datafield ind1=" " ind2="0" tag="651"><subfield code="a">Nassau County (N.Y.)</subfield><subfield code="v">Newspapers.</subfield></datafield><datafield ind1=" " ind2="7" tag="655"><subfield code="a">Newspapers.</subfield><subfield code="2">fast</subfield><subfield code="0">(OCoLC)fst01423814</subfield></datafield><datafield ind1=" " ind2="7" tag="651"><subfield code="a">New York (State)</subfield><subfield code="z">East Rockaway.</subfield><subfield code="2">fast</subfield><subfield code="0">(OCoLC)fst01203779</subfield></datafield><datafield ind1=" " ind2="7" tag="651"><subfield code="a">New York (State)</subfield><subfield code="z">Nassau County.</subfield><subfield code="2">fast</subfield><subfield code="0">(OCoLC)fst01205518</subfield></datafield><datafield ind1=" " ind2="7" tag="651"><subfield code="a">New York (State)</subfield><subfield code="z">Rockville Centre.</subfield><subfield code="2">fast</subfield><subfield code="0">(OCoLC)fst01226817</subfield></datafield><datafield ind1=" " ind2=" " tag="752"><subfield code="a">United States</subfield><subfield code="b">New York</subfield><subfield code="c">Nassau</subfield><subfield code="d">Rockville Centre.</subfield></datafield><datafield ind1="0" ind2="0" tag="785"><subfield code="t">Long Island news and the owl (Rockville Centre, N.Y : 1919)</subfield><subfield code="w">(DLC)sn 95071443</subfield><subfield code="w">(OCoLC)33438570</subfield></datafield></record>